@InProceedings{Rafailov2023a,
  author    = {Rafael Rafailov and Archit Sharma and Eric Mitchell and Christopher D. Manning and Stefano Ermon and Chelsea Finn},
  booktitle = {Advances in Neural Information Processing Systems 36: Annual Conference on Neural Information Processing Systems 2023, NeurIPS 2023, New Orleans, LA, USA, December 10 - 16, 2023},
  title     = {Direct Preference Optimization: Your Language Model is Secretly a Reward Model},
  year      = {2023},
  editor    = {Alice Oh and Tristan Naumann and Amir Globerson and Kate Saenko and Moritz Hardt and Sergey Levine},
  bibsource = {dblp computer science bibliography, https://dblp.org},
  biburl    = {https://dblp.org/rec/conf/nips/RafailovSMMEF23.bib},
  ranking   = {rank4},
  url       = {http://papers.nips.cc/paper_files/paper/2023/hash/a85b405ed65c6477a4fe8302b5e06ce7-Abstract-Conference.html},
}

@InProceedings{Chen2024a,
  author    = {Zixiang Chen and Yihe Deng and Huizhuo Yuan and Kaixuan Ji and Quanquan Gu},
  booktitle = {Forty-first International Conference on Machine Learning, {ICML} 2024, Vienna, Austria, July 21-27, 2024},
  title     = {Self-Play Fine-Tuning Converts Weak Language Models to Strong Language Models},
  year      = {2024},
  publisher = {OpenReview.net},
  bibsource = {dblp computer science bibliography, https://dblp.org},
  biburl    = {https://dblp.org/rec/conf/icml/ChenDYJG24.bib},
  ranking   = {rank5},
  url       = {https://openreview.net/forum?id=O4cHTxW9BS},
}

@InProceedings{Hu2022,
  author    = {Edward J. Hu and Yelong Shen and Phillip Wallis and Zeyuan Allen{-}Zhu and Yuanzhi Li and Shean Wang and Lu Wang and Weizhu Chen},
  booktitle = {The Tenth International Conference on Learning Representations, {ICLR} 2022, Virtual Event, April 25-29, 2022},
  title     = {LoRA: Low-Rank Adaptation of Large Language Models},
  year      = {2022},
  publisher = {OpenReview.net},
  bibsource = {dblp computer science bibliography, https://dblp.org},
  biburl    = {https://dblp.org/rec/conf/iclr/HuSWALWWC22.bib},
  ranking   = {rank5},
  url       = {https://openreview.net/forum?id=nZeVKeeFYf9},
}

@Article{Yang2025,
  author        = {An Yang and Bowen Yu and Chengyuan Li and Dayiheng Liu and Fei Huang and Haoyan Huang and Jiandong Jiang and Jianhong Tu and Jianwei Zhang and Jingren Zhou and Junyang Lin and Kai Dang and Kexin Yang and Le Yu and Mei Li and Minmin Sun and Qin Zhu and Rui Men and Tao He and Weijia Xu and Wenbiao Yin and Wenyuan Yu and Xiafei Qiu and Xingzhang Ren and Xinlong Yang and Yong Li and Zhiying Xu and Zipeng Zhang},
  journal       = {CoRR},
  title         = {Qwen2.5-1M Technical Report},
  year          = {2025},
  volume        = {abs/2501.15383},
  archiveprefix = {arXiv},
  bibsource     = {dblp computer science bibliography, https://dblp.org},
  biburl        = {https://dblp.org/rec/journals/corr/abs-2501-15383.bib},
  doi           = {10.48550/ARXIV.2501.15383},
  eprint        = {2501.15383},
  ranking       = {rank2},
}

@Article{Yang2024,
  author        = {An Yang and Baosong Yang and Beichen Zhang and Binyuan Hui and Bo Zheng and Bowen Yu and Chengyuan Li and Dayiheng Liu and Fei Huang and Haoran Wei and Huan Lin and Jian Yang and Jianhong Tu and Jianwei Zhang and Jianxin Yang and Jiaxi Yang and Jingren Zhou and Junyang Lin and Kai Dang and Keming Lu and Keqin Bao and Kexin Yang and Le Yu and Mei Li and Mingfeng Xue and Pei Zhang and Qin Zhu and Rui Men and Runji Lin and Tianhao Li and Tingyu Xia and Xingzhang Ren and Xuancheng Ren and Yang Fan and Yang Su and Yichang Zhang and Yu Wan and Yuqiong Liu and Zeyu Cui and Zhenru Zhang and Zihan Qiu},
  journal       = {CoRR},
  title         = {Qwen2.5 Technical Report},
  year          = {2024},
  volume        = {abs/2412.15115},
  archiveprefix = {arXiv},
  bibsource     = {dblp computer science bibliography, https://dblp.org},
  biburl        = {https://dblp.org/rec/journals/corr/abs-2412-15115.bib},
  doi           = {10.48550/ARXIV.2412.15115},
  eprint        = {2412.15115},
  ranking       = {rank2},
}

@InProceedings{Yuan2024,
  author    = {Weizhe Yuan and Richard Yuanzhe Pang and Kyunghyun Cho and Xian Li and Sainbayar Sukhbaatar and Jing Xu and Jason Weston},
  booktitle = {Forty-first International Conference on Machine Learning, {ICML} 2024, Vienna, Austria, July 21-27, 2024},
  title     = {Self-Rewarding Language Models},
  year      = {2024},
  publisher = {OpenReview.net},
  bibsource = {dblp computer science bibliography, https://dblp.org},
  biburl    = {https://dblp.org/rec/conf/icml/YuanPCLSXW24.bib},
  ranking   = {rank4},
  url       = {https://openreview.net/forum?id=0NphYCmgua},
}

@Misc{Xu2023,
  author    = {Xu, Jing and Lee, Andrew and Sukhbaatar, Sainbayar and Weston, Jason},
  title     = {Some things are more CRINGE than others: Iterative Preference Optimization with the Pairwise Cringe Loss},
  year      = {2023},
  copyright = {arXiv.org perpetual, non-exclusive license},
  doi       = {10.48550/ARXIV.2312.16682},
  keywords  = {Computation and Language (cs.CL), Artificial Intelligence (cs.AI), FOS: Computer and information sciences, FOS: Computer and information sciences},
  publisher = {arXiv},
  ranking   = {rank4},
}

@InProceedings{Yuan2024a,
  author    = {Huizhuo Yuan and Zixiang Chen and Kaixuan Ji and Quanquan Gu},
  booktitle = {Advances in Neural Information Processing Systems 38: Annual Conference on Neural Information Processing Systems 2024, NeurIPS 2024, Vancouver, BC, Canada, December 10 - 15, 2024},
  title     = {Self-Play Fine-tuning of Diffusion Models for Text-to-image Generation},
  year      = {2024},
  editor    = {Amir Globersons and Lester Mackey and Danielle Belgrave and Angela Fan and Ulrich Paquet and Jakub M. Tomczak and Cheng Zhang},
  bibsource = {dblp computer science bibliography, https://dblp.org},
  biburl    = {https://dblp.org/rec/conf/nips/YuanCJG24.bib},
  url       = {http://papers.nips.cc/paper_files/paper/2024/hash/860c1c657deafe09f64c013c2888bd7b-Abstract-Conference.html},
}

@Article{Wu2024,
  author        = {Yue Wu and Zhiqing Sun and Huizhuo Yuan and Kaixuan Ji and Yiming Yang and Quanquan Gu},
  journal       = {CoRR},
  title         = {Self-Play Preference Optimization for Language Model Alignment},
  year          = {2024},
  volume        = {abs/2405.00675},
  archiveprefix = {arXiv},
  bibsource     = {dblp computer science bibliography, https://dblp.org},
  biburl        = {https://dblp.org/rec/journals/corr/abs-2405-00675.bib},
  doi           = {10.48550/ARXIV.2405.00675},
  eprint        = {2405.00675},
}

@Comment{jabref-meta: databaseType:bibtex;}
